<?xml version="1.0" encoding="UTF-8"?><record xmlns="http://www.loc.gov/MARC21/slim" xmlns:cinclude="http://apache.org/cocoon/include/1.0" xmlns:zs="http://www.loc.gov/zing/srw/">
  <leader>01572cz  a2200193n  4500</leader>
  <controlfield tag="001">n  94089273 </controlfield>
  <controlfield tag="003">DLC</controlfield>
  <controlfield tag="005">19960903105508.0</controlfield>
  <controlfield tag="008">940915n| acannaab|          |a ana      </controlfield>
  <datafield tag="010" ind1=" " ind2=" ">
    <subfield code="a">n  94089273 </subfield>
  </datafield>
  <datafield tag="035" ind1=" " ind2=" ">
    <subfield code="a">(OCoLC)oca03682264 </subfield>
  </datafield>
  <datafield tag="040" ind1=" " ind2=" ">
    <subfield code="a">DLC</subfield>
    <subfield code="c">DLC</subfield>
    <subfield code="d">DLC-S</subfield>
    <subfield code="d">DLC</subfield>
  </datafield>
  <datafield tag="110" ind1="2" ind2="0">
    <subfield code="a">Stavropolʹskai︠a︡ gosudarstvennai︠a︡ kraevai︠a︡ universalʹnai︠a︡ nauchnai︠a︡ biblioteka imeni M.I︠U︡. Lermontova</subfield>
  </datafield>
  <datafield tag="410" ind1="2" ind2="0">
    <subfield code="a">Stavropolʹskai︠a︡ kraevai︠a︡ universalʹnai︠a︡ nauchnai︠a︡ biblioteka im. M.I︠U︡. Lermontova</subfield>
  </datafield>
  <datafield tag="410" ind1="2" ind2="0">
    <subfield code="a">Stavropolʹskai︠a︡ gosudarstvennai︠a︡ kraevai︠a︡ nauchnai︠a︡ universalʹnai︠a︡ biblioteka im. M.I︠U︡. Lermontova</subfield>
  </datafield>
  <datafield tag="410" ind1="2" ind2="0">
    <subfield code="a">Stavropolʹskai︠a︡ kraevai︠a︡ nauchnai︠a︡ biblioteka im. M.I︠U︡. Lermontova</subfield>
  </datafield>
  <datafield tag="670" ind1=" " ind2=" ">
    <subfield code="a">Selʹskoe khozi︠a︡ĭstvo Stavropolʹskogo krai︠a︡, 1993:</subfield>
    <subfield code="b">t.p. (Stavropolʹskai︠a︡ gosudarstvennai︠a︡ kraevai︠a︡ universalʹnai︠a︡ nauchnai︠a︡ biblioteka imeni M.I︠U︡. Lermontova)</subfield>
  </datafield>
  <datafield tag="670" ind1=" " ind2=" ">
    <subfield code="a">Ognevskai︠a︡, G.F. Vospitanie, obuchenie i sokhranenie zdorovʹi︠a︡ deteĭ v semʹe, 1994:</subfield>
    <subfield code="b">t.p. (Stavropolʹskai︠a︡ kraevai︠a︡ universalʹnai︠a︡ nauchnai︠a︡ biblioteka im. M.I︠U︡. Lermontova)</subfield>
  </datafield>
  <datafield tag="670" ind1=" " ind2=" ">
    <subfield code="a">Stavropolʹskiĭ khronograf na ... god, 1994:</subfield>
    <subfield code="b">t.p. (Stavropolʹskai︠a︡ gosudarstvennai︠a︡ kraevai︠a︡ nauchnai︠a︡ universalʹnai︠a︡ biblioteka im. M.I︠U︡. Lermontova) cover (Stavropolʹskai︠a︡ kraevai︠a︡ nauchnai︠a︡ biblioteka im. M.I︠U︡. Lermontova)</subfield>
  </datafield>
</record>